<?xml version="1.0" encoding="UTF-8"?><!--camt.053_RTGS_BankToCustomerStatement_bs998 -->
<Document xmlns="urn:iso:std:iso:20022:tech:xsd:camt.053.001.08" xmlns:xsi="http://www.w3.org/2001/XMLSchema-instance" xsi:schemaLocation="urn:iso:std:iso:20022:tech:xsd:camt.053.001.08 RTGS_camt_053_BankToCustomerStatement_camt_053_001_0.xsd">
	<BkToCstmrStmt>
		<GrpHdr>
			<MsgId>NONREF</MsgId>
			<CreDtTm>2019-10-08T18:02:00.001+00:00</CreDtTm>
			<MsgPgntn>
				<PgNb>1</PgNb>
				<LastPgInd>true</LastPgInd>
			</MsgPgntn>
		</GrpHdr>
		<Stmt>
			<Id>00001</Id>
			<Acct>
				<Id>
					<Othr>
						<Id>RDEEURCOBADEFFXXXCOBADEBB120</Id>
					</Othr>
				</Id>
				<Ownr>
					<Id>
						<OrgId>
							<AnyBIC>COBADEBB120</AnyBIC>
						</OrgId>
					</Id>
				</Ownr>
			</Acct>
			<Bal>
				<Tp>
					<CdOrPrtry>
						<Cd>OPBD</Cd>
					</CdOrPrtry>
				</Tp>
				<Amt Ccy="EUR">0</Amt>
				<CdtDbtInd>CRDT</CdtDbtInd>
				<Dt>
					<Dt>2019-10-08</Dt>
				</Dt>
			</Bal>
			<Bal>
				<Tp>
					<CdOrPrtry>
						<Cd>CLBD</Cd>
					</CdOrPrtry>
				</Tp>
				<Amt Ccy="EUR">203000.00</Amt>
				<CdtDbtInd>CRDT</CdtDbtInd>
				<Dt>
					<Dt>2019-10-08</Dt>
				</Dt>
			</Bal>
			<TxsSummry>
				<TtlNtries>
					<NbOfNtries>2</NbOfNtries>
				</TtlNtries>
			</TxsSummry>
			<Ntry>
				<NtryRef>RTGS-p008b021</NtryRef>
				<Amt Ccy="EUR">23500.00</Amt>
				<CdtDbtInd>CRDT</CdtDbtInd>
				<Sts>
					<Cd>BOOK</Cd>
				</Sts>
				<BookgDt>
					<DtTm>2019-10-08T10:15:00.001+00:00</DtTm>
				</BookgDt>
				<ValDt>
					<Dt>2019-10-08</Dt>
				</ValDt>
				<BkTxCd>
					<Prtry>
						<Cd>PMNT</Cd>
					</Prtry>
				</BkTxCd>
				<NtryDtls>
					<TxDtls>
						<Refs>
							<InstrId>Inp008b021-InsId</InstrId>
							<EndToEndId>Inp008b021-E2EId</EndToEndId>
							<UETR>e008b021-59c5-41e9-be4c-d45102fc201e</UETR>
						</Refs>
						<RltdPties>
							<Dbtr>
								<Pty>
									<Nm>Debtor name</Nm>
									<Id>
										<OrgId>
											<AnyBIC>BSCHARBAXXX</AnyBIC>
										</OrgId>
									</Id>
								</Pty>
							</Dbtr>
							<Cdtr>
								<Pty>
									<Nm>Creditor name</Nm>
									<Id>
										<OrgId>
											<AnyBIC>INGBBRSPXXX</AnyBIC>
										</OrgId>
									</Id>
								</Pty>
							</Cdtr>
						</RltdPties>
						<RltdAgts>
							<InstgAgt>
								<FinInstnId>
									<BICFI>UBSWCHZHXXX</BICFI>
								</FinInstnId>
							</InstgAgt>
							<InstdAgt>
								<FinInstnId>
									<BICFI>COBADEBB120</BICFI>
								</FinInstnId>
							</InstdAgt>
						</RltdAgts>
					</TxDtls>
				</NtryDtls>
			</Ntry>
			<Ntry>
				<NtryRef>RTGS-c050b041</NtryRef>
				<Amt Ccy="EUR">100000.00</Amt>
				<CdtDbtInd>CRDT</CdtDbtInd>
				<Sts>
					<Cd>BOOK</Cd>
				</Sts>
				<BookgDt>
					<DtTm>2019-10-08T11:18:02.001+00:00</DtTm>
				</BookgDt>
				<ValDt>
					<Dt>2019-10-08</Dt>
				</ValDt>
				<BkTxCd>
					<Prtry>
						<Cd>LIQT</Cd>
					</Prtry>
				</BkTxCd>
				<NtryDtls>
					<TxDtls>
						<Refs>
							<InstrId>Inc050b041-BAHId</InstrId>
							<EndToEndId>Inc050b041-E2EId</EndToEndId>
						</Refs>
						<RltdPties>
							<DbtrAcct>
								<Id>
									<Othr>
										<Id>RDEEURUBSWCHZHXXXUBSWCHZHXXX</Id>
									</Othr>
								</Id>
							</DbtrAcct>
							<CdtrAcct>
								<Id>
									<Othr>
										<Id>RDEEURCOBADEFFXXXCOBADEBB120</Id>
									</Othr>
								</Id>
							</CdtrAcct>
						</RltdPties>
						<LclInstrm>
							<Prtry>LIIA</Prtry>
						</LclInstrm>
					</TxDtls>
				</NtryDtls>
			</Ntry>
			<Ntry>
				<NtryRef>RTGS-p998b544-8</NtryRef>
				<Amt Ccy="EUR">79500.00</Amt>
				<CdtDbtInd>CRDT</CdtDbtInd>
				<Sts>
					<Cd>BOOK</Cd>
				</Sts>
				<BookgDt>
					<DtTm>2019-10-08T14:22:01.001+00:00</DtTm>
				</BookgDt>
				<ValDt>
					<Dt>2019-10-08</Dt>
				</ValDt>
				<BkTxCd>
					<Prtry>
						<Cd>ASTI</Cd>
					</Prtry>
				</BkTxCd>
				<NtryDtls>
					<TxDtls>
						<Refs>
							<InstrId>Inp998b544-InsId8</InstrId>
							<EndToEndId>Inp998b544-E2EIdC</EndToEndId>
							<UETR>e998b544-59c5-41e9-be4c-d45102fc201e</UETR>
						</Refs>
						<RltdPties>
							<Dbtr>
								<Pty>
									<Id>
										<OrgId>
											<AnyBIC>MARKDEFFCLC</AnyBIC>
										</OrgId>
									</Id>
								</Pty>
							</Dbtr>
							<Cdtr>
								<Pty>
									<Id>
										<OrgId>
											<AnyBIC>COBADEBB120</AnyBIC>
										</OrgId>
									</Id>
								</Pty>
							</Cdtr>
							<CdtrAcct>
								<Id>
									<Othr>
										<Id>UDEEURCOBADEFFXXX16COBADEBB1200001</Id>
									</Othr>
								</Id>
							</CdtrAcct>
						</RltdPties>
						<RltdAgts>
							<InstgAgt>
								<FinInstnId>
									<BICFI>MARKDEFFCLC</BICFI>
								</FinInstnId>
							</InstgAgt>
							<InstdAgt>
								<FinInstnId>
									<BICFI>COBADEBB120</BICFI>
								</FinInstnId>
							</InstdAgt>
						</RltdAgts>
					</TxDtls>
				</NtryDtls>
			</Ntry>
		</Stmt>
	</BkToCstmrStmt>
</Document>